@inproceedings{larik2016using,
  title={On using evolutionary computation approach for strategy optimization in robot soccer},
  author={Larik, Asma S and Haider, Sajjad},
  booktitle={Robotics and Artificial Intelligence (ICRAI), 2016 2nd International Conference on},
  pages={11--16},
  year={2016},
  organization={IEEE}
}
@inproceedings{teimouri2016hybrid,
  title={A hybrid localization method for a soccer playing robot},
  author={Teimouri, Meisam and Salehi, Mostafa E and Meybodi, Mohammad Reza},
  booktitle={Artificial Intelligence and Robotics (IRANOPEN), 2016},
  pages={127--132},
  year={2016},
  organization={IEEE}
}
@inproceedings{wong2008developing,
  title={Developing an intelligent table tennis umpiring system: identifying the ball from the scene},
  author={Wong, Patrick Kam Cheung},
  booktitle={Modeling  Simulation, 2008. AICMS 08. Second Asia International Conference on},
  pages={445--450},
  year={2008},
  organization={IEEE}
}
@inproceedings{nakai1998volleyball,
  title={A volleyball playing robot},
  author={Nakai, Hiroaki and Taniguchi, Yasuhiro and Uenohara, Michihiro and Yoshimi, Takashi and Ogawa, Hideki and Ozaki, Fumio and Oaki, Junji and Sato, Hirokazu and Asari, Yukio and Maeda, Katsuhiro and others},
  booktitle={Robotics and Automation, 1998. Proceedings. 1998 IEEE International Conference on},
  volume={2},
  pages={1083--1089},
  year={1998},
  organization={IEEE}
}
@inproceedings{pekarovskiy2015online,
  title={Online deformation of optimal trajectories for constrained nonprehensile manipulation},
  author={Pekarovskiy, Alexander and Nierhoff, Thomas and Schenek, Jochen and Nakamura, Yoshihiko and Hirche, Sandra and Buss, Martin},
  booktitle={Robotics and Automation (ICRA), 2015 IEEE International Conference on},
  pages={2481--2487},
  year={2015},
  organization={IEEE}
}
@inproceedings{shoval2016volleybot,
  title={VolleyBot: A competative framework for AI and UAV research and development},
  author={Shoval, Shraga},
  booktitle={Science of Electrical Engineering (ICSEE), IEEE International Conference on the},
  pages={1--5},
  year={2016},
  organization={IEEE}
}
@inproceedings{zhang2016review,
  title={Review on mechanism and modeling of jumping robot},
  author={Zhang, Lei and Chen, Heping and Yang, Yong},
  booktitle={Cyber Technology in Automation, Control, and Intelligent Systems (CYBER), 2016 IEEE International Conference on},
  pages={255--260},
  year={2016},
  organization={IEEE}
}
@inproceedings{li2007development,
  title={Development of a new volleyball robot training system},
  author={Li, Zhenfei and Jang, Yanhua and Zhu, Min and Ge, Yunjian},
  booktitle={Robotics and Biomimetics, 2007. ROBIO 2007. IEEE International Conference on},
  pages={1412--1416},
  year={2007},
  organization={IEEE}
}
@inproceedings{ishimura1993information,
  title={Information utilization of motor-error tolerance range in visuo-motor system},
  author={Ishimura, Gensei and Pollick, Frank},
  booktitle={Robot and Human Communication, 1993. Proceedings., 2nd IEEE International Workshop on},
  pages={35--38},
  year={1993},
  organization={IEEE}
}
@inproceedings{sungkono2016decision,
  title={Decision tree analysis for humanoid robot soccer goalkeeper algorithm},
  author={Sungkono, Silvester Kristian and Yohanes, Banu Wirawan and Santoso, Daniel},
  booktitle={Engineering Seminar (InAES), International Annual},
  pages={46--50},
  year={2016},
  organization={IEEE}
}

@inproceedings{pers2000computer,
  title={Computer vision system for tracking players in sports games},
  author={Pers, Janex and Kovacic, Stanislav},
  booktitle={Image and Signal Processing and Analysis, 2000. IWISPA 2000. Proceedings of the First International Workshop on},
  pages={177--182},
  year={2000},
  organization={IEEE}
}
@inproceedings{dellaert1999monte,
  title={Monte carlo localization for mobile robots},
  author={Dellaert, Frank and Fox, Dieter and Burgard, Wolfram and Thrun, Sebastian},
  booktitle={Robotics and Automation, 1999. Proceedings. 1999 IEEE International Conference on},
  volume={2},
  pages={1322--1328},
  year={1999},
  organization={IEEE}
}
@inproceedings{cheng2014player,
  title={Player tracking using prediction after intersection based particle filter for volleyball match video},
  author={Cheng, Xina and Shiina, Yuhi and Zhuang, Xizhou and Ikenaga, Takeshi},
  booktitle={Asia-Pacific Signal and Information Processing Association, 2014 Annual Summit and Conference (APSIPA)},
  pages={1--4},
  year={2014},
  organization={IEEE}
}
@inproceedings{ijspeert2002movement,
  title={Movement imitation with nonlinear dynamical systems in humanoid robots},
  author={Ijspeert, Auke Jan and Nakanishi, Jun and Schaal, Stefan},
  booktitle={Robotics and Automation, 2002. Proceedings. ICRA'02. IEEE International Conference on},
  volume={2},
  pages={1398--1403},
  year={2002},
  organization={IEEE}
}
@inproceedings{waghmare2016badminton,
  title={Badminton shuttlecock detection and prediction of trajectory using multiple 2 dimensional scanners},
  author={Waghmare, Govind and Borkar, Sneha and Saley, Vishal and Chinchore, Hemant and Wabale, Shivraj},
  booktitle={Control, Measurement and Instrumentation (CMI), 2016 IEEE First International Conference on},
  pages={234--238},
  year={2016},
  organization={IEEE}
}
@inproceedings{ruiz2008team,
  title={Team agent behavior architecture in robot soccer},
  author={Ruiz, Myriam Arias and Uresti, Jorge Ramirez},
  booktitle={Robotic Symposium, 2008. LARS'08. IEEE Latin American},
  pages={20--25},
  year={2008},
  organization={IEEE}
}
@inproceedings{nierhoff2012fast,
  title={Fast trajectory replanning using laplacian mesh optimization},
  author={Nierhoff, Thomas and Hirche, Sandra},
  booktitle={Control Automation Robotics  Vision (ICARCV), 2012 12th International Conference on},
  pages={154--159},
  year={2012},
  organization={IEEE}
}
@inproceedings{vere2016neural,
  title={Neural Network Based Ball Tracking for Robot Nao},
  author={Vere, Denis and Jaka, Rudolf and Hvizdo, Jakub},
  booktitle={Intelligent Networking and Collaborative Systems (INCoS), 2016 International Conference on},
  pages={80--85},
  year={2016},
  organization={IEEE}
}